@book{callan2003artificial,
  title={Artificial Intelligence},
  author={Callan, R.},
  isbn={9780333801369},
  url={https://books.google.dk/books?id=S1N0QgAACAAJ},
  year={2003},
  publisher={Macmillan Education UK}
}

@misc{Alexa,
  title = {Alexa},
  howpublished = {\url{https://techcrunch.com/2014/11/06/amazon-echo/}},
  author ={Darrell Etherington},
  note = {Accessed: 2017-10-30}
}

@misc{Cortana,
  title = {Cortana},
  howpublished = {\url{https://support.microsoft.com/en-us/help/17214}},
  note = {Accessed: 2017-10-30}
}

@misc{Speed,
  title = {Speed},
  howpublished = {\url{https://www.quora.com/Can-we-type-in-English-faster-than-we-speak}},
  author ={Arie Ogranovich},  
  note = {Accessed: 2017-10-30}
}

@misc{tensorflow2015-whitepaper,
title={ {TensorFlow}: Large-Scale Machine Learning on Heterogeneous Systems},
url={https://www.tensorflow.org/},
note={Software available from tensorflow.org},
author={
    Mart\'{\i}n~Abadi and
    Ashish~Agarwal and
    Paul~Barham and
    Eugene~Brevdo and
    Zhifeng~Chen and
    Craig~Citro and
    Greg~S.~Corrado and
    Andy~Davis and
    Jeffrey~Dean and
    Matthieu~Devin and
    Sanjay~Ghemawat and
    Ian~Goodfellow and
    Andrew~Harp and
    Geoffrey~Irving and
    Michael~Isard and
    Yangqing Jia and
    Rafal~Jozefowicz and
    Lukasz~Kaiser and
    Manjunath~Kudlur and
    Josh~Levenberg and
    Dan~Man\'{e} and
    Rajat~Monga and
    Sherry~Moore and
    Derek~Murray and
    Chris~Olah and
    Mike~Schuster and
    Jonathon~Shlens and
    Benoit~Steiner and
    Ilya~Sutskever and
    Kunal~Talwar and
    Paul~Tucker and
    Vincent~Vanhoucke and
    Vijay~Vasudevan and
    Fernanda~Vi\'{e}gas and
    Oriol~Vinyals and
    Pete~Warden and
    Martin~Wattenberg and
    Martin~Wicke and
    Yuan~Yu and
    Xiaoqiang~Zheng},
  year={2015},
}

@article{kamblespeech,
  title={Speech Recognition Using Artificial Neural Network--A Review},
  author={Kamble, Bhushan C}
}
@misc{Estimator,
  title = {},
  howpublished = {\url{https://www.tensorflow.org/get_started/get_started}},  
  note = {Accessed: 2017-11-15}
}