@book{callan2003artificial,
  title={Artificial Intelligence},
  author={Callan, R.},
  isbn={9780333801369},
  url={https://books.google.dk/books?id=S1N0QgAACAAJ},
  year={2003},
  publisher={Macmillan Education UK}
}

@misc{Alexa,
  title = {Alexa},
  howpublished = {\url{https://techcrunch.com/2014/11/06/amazon-echo/}},
  author ={Darrell Etherington},
  note = {Accessed: 2017-10-30}
}

@misc{Cortana,
  title = {Cortana},
  howpublished = {\url{https://support.microsoft.com/en-us/help/17214}},
  note = {Accessed: 2017-10-30}
}

@misc{Speed,
  title = {Speed},
  howpublished = {\url{https://www.quora.com/Can-we-type-in-English-faster-than-we-speak}},
  author ={Arie Ogranovich},  
  note = {Accessed: 2017-10-30}
}

@misc{tensorflow2015-whitepaper,
title={ {TensorFlow}: Large-Scale Machine Learning on Heterogeneous Systems},
url={https://www.tensorflow.org/},
note={Software available from tensorflow.org},
author={
    Mart\'{\i}n~Abadi and
    Ashish~Agarwal and
    Paul~Barham and
    Eugene~Brevdo and
    Zhifeng~Chen and
    Craig~Citro and
    Greg~S.~Corrado and
    Andy~Davis and
    Jeffrey~Dean and
    Matthieu~Devin and
    Sanjay~Ghemawat and
    Ian~Goodfellow and
    Andrew~Harp and
    Geoffrey~Irving and
    Michael~Isard and
    Yangqing Jia and
    Rafal~Jozefowicz and
    Lukasz~Kaiser and
    Manjunath~Kudlur and
    Josh~Levenberg and
    Dan~Man\'{e} and
    Rajat~Monga and
    Sherry~Moore and
    Derek~Murray and
    Chris~Olah and
    Mike~Schuster and
    Jonathon~Shlens and
    Benoit~Steiner and
    Ilya~Sutskever and
    Kunal~Talwar and
    Paul~Tucker and
    Vincent~Vanhoucke and
    Vijay~Vasudevan and
    Fernanda~Vi\'{e}gas and
    Oriol~Vinyals and
    Pete~Warden and
    Martin~Wattenberg and
    Martin~Wicke and
    Yuan~Yu and
    Xiaoqiang~Zheng},
  year={2015},
}

@article{kamblespeech,
  title={Speech Recognition Using Artificial Neural Network--A Review},
  author={Kamble, Bhushan C}
}

@misc{Silva2016,
   author = {Silva, Ivan},
   title = {Artificial Neural Networks},
   booktitle = {Artificial Neural Networks},
   language = {English},
   year = {2016},
   isbn = {978-3-319-43162-8},
   url = {http://sfx.aub.aau.dk/sfxaub?sid=FirstSearch:WorldCat&isbn=9783319431628&title=Artificial+neural+networks+:+a+practical+course&date=2016&aulast=Silva&aufirst=Ivan&id=doi:&pid=958070105<fssessid>0</fssessid>&url\%5fver=Z39.88-2004&rfr\%5fid=info:sid/firstsearch.oclc.org:WorldCat&rft\%5fval\%5ffmt=info:ofi/fmt:kev:mtx:book&rft.genre=unknown&req\%5fdat=<sessionid>0</sessionid>&rfe\%5fdat=<accessionnumber>958070105</accessionnumber>&rft\%5fid=info:oclcnum/958070105&rft\%5fid=urn:ISBN:9783319431628&rft.aulast=Silva&rft.aufirst=Ivan&rft.title=Artificial+neural+networks+:+a+practical+course&rft.date=2016&rft.isbn=9783319431628&rft.genre=unknown}
}

@misc{Estimator,
  title = {},
  howpublished = {\url{https://www.tensorflow.org/get_started/get_started}},  
  note = {Accessed: 2017-11-15}
}

@article{stratonovich1960conditional,
  title={Conditional markov processes},
  author={Stratonovich, Ruslan Leont'evich},
  journal={Theory of Probability \& Its Applications},
  volume={5},
  number={2},
  pages={156--178},
  year={1960},
  publisher={SIAM}
}

@article{gaikwad2010review,
  title={A review on speech recognition technique},
  author={Gaikwad, Santosh K and Gawali, Bharti W and Yannawar, Pravin},
  journal={International Journal of Computer Applications},
  volume={10},
  number={3},
  pages={16--24},
  year={2010},
  publisher={International Journal of Computer Applications and 244 5 th Avenue and \# 1526 and New York and NY 10001 and USA India}
}

@inproceedings{togneri1990speech,
  title={Speech processing using artificial neural networks},
  author={Togneri, Roberto and Alder, MD and Attikiouzel, Yianni},
  booktitle={Proc. of the Third Australian Int. Conf. on Speech Science and Technology},
  pages={304--309},
  year={1990}
}

@misc{rubashkin2017,
  author = {MATTHEW RUBASHKIN},
  title = {RNN-Tutorial},
  year = {2017},
  publisher = {GitHub},
  journal = {GitHub repository},
  howpublished = {\url{https://github.com/silicon-valley-data-science/RNN-Tutorial}},
  commit = {9cecc19c8d76a39ac76981b24b57e7ac00ae9a87}
}